@online{webroot2019,
  author       = {Webroot Inc.},
  title        = {Webroot Threat Report 2019},
  year         = {2019},
  howpublished = {online},
  url          = {https://www-cdn.webroot.com/9315/5113/6179/2019_Webroot_Threat_Report_US_Online.pdf},
  urldate      = {2025-02-11}
}

@article{GramBeddings,
  author       = {Wang, Yichen},
  year         = {2022},
  month        = {12},
  pages        = {117-123},
  howpublished = {online},
  title        = {Malicious URL Detection An Evaluation of Feature Extraction and Machine Learning Algorithm},
  volume       = {23},
  journal      = {Highlights in Science, Engineering and Technology},
  doi          = {10.54097/hset.v23i.3209},
  urldate      = {2025-02-11}
}

@online{OpenPhish,
  author       = {OpenPhish},
  title        = {OpenPhish - Automated Phishing Intelligence},
  year         = {2025},
  howpublished = {online},
  url          = {https://www.openphish.com/},
  urldate      = {2025-02-11}
}

@online{PhishTank,
  author       = {PhishTank},
  title        = {PhishTank - An Anti-Phishing Site},
  year         = {2025},
  howpublished = {online},
  url          = {https://www.phishtank.com/},
  urldate      = {2025-02-11}
}

@online{GoogleSafeBrowsing,
  author       = {Google},
  title        = {Google Safe Browsing},
  year         = {2025},
  howpublished = {online},
  url          = {https://developers.google.com/safebrowsing},
  urldate      = {2025-02-11}
}

@online{Singh2020Mendeley,
  author       = {A. K. Singh},
  title        = {Dataset of Malicious and Benign onlines},
  year         = {2020},
  howpublished = {online},
  publisher    = {Mendeley Data},
  version      = {2},
  doi          = {10.17632/gdx3pkwp47.2},
  url          = {https://data.mendeley.com/datasets/gdx3pkwp47/2},
  urldate      = {2025-02-11}
}

@online{Marchal2014PhishStorm,
  author       = {S. Marchal},
  title        = {PhishStorm - Phishing / Legitimate URL Dataset},
  year         = {2014},
  howpublished = {online},
  publisher    = {Aalto University},
  url          = {https://research.aalto.fi/en/datasets/phishstorm-phishing-legitimate-url-dataset},
  urldate      = {2025-02-11}
}

@online{SiddharthaMaliciousURLs,
  author       = {Manu Siddhartha},
  title        = {Malicious URLs Dataset},
  howpublished = {online},
  year         = {2020},
  url          = {https://www.kaggle.com/datasets/sid321axn/malicious-urls-dataset},
  urldate      = {2025-02-11}
}

@online{ISCX-URL-2016,
  doi          = {10.21227/xngk-3p42},
  url          = {https://dx.doi.org/10.21227/xngk-3p42},
  author       = {S A, Sajidha},
  howpublished = {online},
  publisher    = {IEEE Dataport},
  title        = {ISCX-URL-2016},
  year         = {2023},
  urldate      = {2025-02-11}
}

@online{KaggleBinaryDataset,
  author       = {Samah Malibari},
  title        = {Benign and Malicious URLs Dataset},
  year         = {2021},
  howpublished = {online},
  url          = {https://www.kaggle.com/datasets/samahsadiq/benign-and-malicious-urls},
  urldate      = {2025-02-11}
}

@article{URLNet,
  title         = {URLNet: Learning a URL Representation with Deep Learning for Malicious URL Detection},
  author        = {Hung Le and Quang Pham and Doyen Sahoo and Steven C. H. Hoi},
  howpublished  = {online},
  year          = {2018},
  eprint        = {1802.03162},
  archiveprefix = {arXiv},
  primaryclass  = {cs.CR},
  url           = {https://arxiv.org/abs/1802.03162},
  urldate       = {2025-02-11}
}

@article{AttentionIsAllYouNeed,
  author       = {Ashish Vaswani and
                  Noam Shazeer and
                  Niki Parmar and
                  Jakob Uszkoreit and
                  Llion Jones and
                  Aidan N. Gomez and
                  Lukasz Kaiser and
                  Illia Polosukhin},
  title        = {Attention Is All You Need},
  journal      = {CoRR},
  volume       = {abs/1706.03762},
  year         = {2017},
  howpublished = {online},
  url          = {http://arxiv.org/abs/1706.03762},
  eprinttype   = {arXiv},
  eprint       = {1706.03762},
  timestamp    = {Sat, 23 Jan 2021 01:20:40 +0100},
  biburl       = {https://dblp.org/rec/journals/corr/VaswaniSPUJGKP17.bib},
  bibsource    = {dblp computer science bibliography, https://dblp.org},
  urldate      = {2025-02-11}
}


@article{BERT,
  title         = {BERT: Pre-training of Deep Bidirectional Transformers for Language Understanding},
  author        = {Jacob Devlin and Ming-Wei Chang and Kenton Lee and Kristina Toutanova},
  howpublished  = {online},
  year          = {2019},
  eprint        = {1810.04805},
  archiveprefix = {arXiv},
  primaryclass  = {cs.CL},
  url           = {https://arxiv.org/abs/1810.04805},
  urldate       = {2025-02-11}
}

@article{RoBERTa,
  title         = {RoBERTa: A Robustly Optimized BERT Pretraining Approach},
  author        = {Yinhan Liu and Myle Ott and Naman Goyal and Jingfei Du and Mandar Joshi and Danqi Chen and Omer Levy and Mike Lewis and Luke Zettlemoyer and Veselin Stoyanov},
  year          = {2019},
  howpublished  = {online},
  eprint        = {1907.11692},
  archiveprefix = {arXiv},
  primaryclass  = {cs.CL},
  url           = {https://arxiv.org/abs/1907.11692},
  urldate       = {2025-02-11}
}

@article{URLTran,
  title         = {URLTran: Improving Phishing URL Detection Using Transformers},
  author        = {Pranav Maneriker and Jack W. Stokes and Edir Garcia Lazo and Diana Carutasu and Farid Tajaddodianfar and Arun Gururajan},
  year          = {2021},
  howpublished  = {online},
  eprint        = {2106.05256},
  archiveprefix = {arXiv},
  primaryclass  = {cs.CR},
  url           = {https://arxiv.org/abs/2106.05256},
  urldate       = {2025-02-11}
}

@article{TransURL,
  title        = {TransURL: Improving malicious URL detection with multi-layer Transformer encoding and multi-scale pyramid features},
  journal      = {Computer Networks},
  volume       = {253},
  howpublished = {online},
  pages        = {110707},
  year         = {2024},
  issn         = {1389-1286},
  doi          = {https://doi.org/10.1016/j.comnet.2024.110707},
  url          = {https://www.sciencedirect.com/science/article/pii/S1389128624005395},
  author       = {Ruitong Liu and Yanbin Wang and Zhenhao Guo and Haitao Xu and Zhan Qin and Wenrui Ma and Fan Zhang},
  keywords     = {Malicious URL detection, Multi-scale learning, Transformer, Pyramid attention},
  urldate      = {2025-02-11}
}

@article{ieee754,
  author       = {IEEE Computer Society},
  journal      = {IEEE Std 754-2019 (Revision of IEEE 754-2008)},
  title        = {IEEE Standard for Floating-Point Arithmetic},
  year         = {2019},
  volume       = {},
  number       = {},
  howpublished = {online},
  pages        = {1-84},
  keywords     = {IEEE Standards;Floating-point arithmetic;arithmetic;binary;computer;decimal;exponent;floating-point;format;IEEE 754;interchange;NaN;number;rounding;significand;subnormal.},
  doi          = {10.1109/IEEESTD.2019.8766229},
  urldate      = {2025-02-11}
}


@article{quantization_whitepaper,
  title         = {A White Paper on Neural Network Quantization},
  author        = {Markus Nagel and Marios Fournarakis and Rana Ali Amjad and Yelysei Bondarenko and Mart van Baalen and Tijmen Blankevoort},
  year          = {2021},
  howpublished  = {online},
  eprint        = {2106.08295},
  archiveprefix = {arXiv},
  primaryclass  = {cs.LG},
  url           = {https://arxiv.org/abs/2106.08295},
  urldate       = {2025-02-11}
}

@online{rfc3986,
  series       = {Request for Comments},
  number       = 3986,
  howpublished = {RFC 3986},
  publisher    = {RFC Editor},
  doi          = {10.17487/RFC3986},
  url          = {https://www.rfc-editor.org/info/rfc3986},
  author       = {Tim Berners-Lee and Roy T. Fielding and Larry M Masinter},
  title        = {{Uniform Resource Identifier (URI): Generic Syntax}},
  pagetotal    = 61,
  year         = 2005,
  month        = jan,
  urldate      = {2025-04-23}
}

@online{rfc1035,
  series       = {Request for Comments},
  number       = 1035,
  howpublished = {RFC 1035},
  publisher    = {RFC Editor},
  doi          = {10.17487/RFC1035},
  url          = {https://www.rfc-editor.org/info/rfc1035},
  author       = {},
  title        = {{Domain names - implementation and specification}},
  pagetotal    = 55,
  year         = 1987,
  month        = nov,
  abstract     = {This RFC is the revised specification of the protocol and format used in the implementation of the Domain Name System. It obsoletes RFC-883. This memo documents the details of the domain name client - server communication.},
  urldate      = {2025-02-11}
}

@online{rfc791,
  series       = {Request for Comments},
  number       = 791,
  howpublished = {RFC 791},
  publisher    = {RFC Editor},
  doi          = {10.17487/RFC0791},
  url          = {https://www.rfc-editor.org/info/rfc791},
  author       = {},
  title        = {{Internet Protocol}},
  pagetotal    = 51,
  year         = 1981,
  month        = sep,
  abstract     = {},
  urldate      = {2025-02-11}
}

@online{rfc8200,
  series       = {Request for Comments},
  number       = 8200,
  howpublished = {RFC 8200},
  publisher    = {RFC Editor},
  doi          = {10.17487/RFC8200},
  url          = {https://www.rfc-editor.org/info/rfc8200},
  author       = {Dr. Steve E. Deering and Bob Hinden},
  title        = {{Internet Protocol, Version 6 (IPv6) Specification}},
  pagetotal    = 42,
  year         = 2017,
  month        = jul,
  abstract     = {This document specifies version 6 of the Internet Protocol (IPv6). It obsoletes RFC 2460.},
  urldate      = {2025-04-24}
}

@online{Page1998PageRank,
  abstract             = {{The importance of a Web page is an inherently subjective matter, which depends on the readers interests, knowledge and attitudes. But there is still much that can be said objectively about the relative importance of Web pages. This paper describes PageRank, a method for rating Web pages objectively and mechanically, effectively measuring the human interest and attention devoted to them. We compare PageRank to an idealized random Web surfer. We show how to efficiently compute PageRank for large...}},
  added-at             = {2019-06-10T14:53:09.000+0200},
  author               = {Page, Lawrence and Brin, Sergey and Motwani, Rajeev and Winograd, Terry},
  biburl               = {https://www.bibsonomy.org/bibtex/2408c27df50e9c4a8680426758f63656f/nonancourt},
  citeulike-article-id = {3283},
  citeulike-linkout-0  = {http://citeseerx.ist.psu.edu/viewdoc/summary?doi=10.1.1.31.1768},
  institution          = {Stanford Digital Library Technologies Project},
  interhash            = {ca10cf0b0dd668c64b1f378ff0775849},
  intrahash            = {408c27df50e9c4a8680426758f63656f},
  keywords             = {authority, hubs, pagerank, www},
  howpublished         = {online},
  posted-at            = {2010-06-08 10:44:36},
  priority             = {2},
  timestamp            = {2019-06-10T14:53:09.000+0200},
  title                = {{The PageRank Citation Ranking: Bringing Order to the Web}},
  url                  = {http://citeseerx.ist.psu.edu/viewdoc/summary?doi=10.1.1.31.1768},
  year                 = 1998,
  urldate              = {2025-04-24}
}

@article{koide2025detectingphishingsitesusing,
  title         = {Detecting Phishing Sites Using ChatGPT},
  author        = {Takashi Koide and Naoki Fukushi and Hiroki Nakano and Daiki Chiba},
  year          = {2025},
  howpublished  = {online},
  eprint        = {2306.05816},
  archiveprefix = {arXiv},
  primaryclass  = {cs.CR},
  url           = {https://arxiv.org/abs/2306.05816},
  urldate       = {2025-04-24}
}

@online{fbi2024ic3report,
  author       = {Federal Bureau of Investigation (FBI)},
  title        = {Internet Crime Report 2024},
  year         = {2025},
  howpublished = {online},
  month        = {April},
  url          = {https://www.ic3.gov/AnnualReport/Reports/2024_IC3Report.pdf},
  urldate      = {2025-04-24}
}

@online{wikipedia2024defacement,
  author       = {Wikipedia contributors},
  title        = {Website defacement --- {Wikipedia}{,} The Free Encyclopedia},
  year         = {2024},
  howpublished = {online},
  url          = {https://en.wikipedia.org/wiki/Website_defacement},
  urldate      = {2025-04-24}
}

@article{VisualPhishNet,
  title         = {VisualPhishNet: Zero-Day Phishing Website Detection by Visual Similarity},
  author        = {Sahar Abdelnabi and Katharina Krombholz and Mario Fritz},
  year          = {2020},
  howpublished  = {online},
  eprint        = {1909.00300},
  archiveprefix = {arXiv},
  primaryclass  = {cs.CR},
  url           = {https://arxiv.org/abs/1909.00300},
  urldate       = {2025-04-24}
}

@article{surveymaliciousfeatures,
  title         = {Malicious URL Detection using Machine Learning: A Survey},
  howpublished  = {online},
  author        = {Doyen Sahoo and Chenghao Liu and Steven C. H. Hoi},
  year          = {2019},
  eprint        = {1701.07179},
  archiveprefix = {arXiv},
  primaryclass  = {cs.LG},
  url           = {https://arxiv.org/abs/1701.07179},
  urldate       = {2025-04-24}
}

@article{lexicalFeaturesModels,
  title         = {Using Lexical Features for Malicious URL Detection -- A Machine Learning Approach},
  howpublished  = {online},
  author        = {Apoorva Joshi and Levi Lloyd and Paul Westin and Srini Seethapathy},
  year          = {2019},
  eprint        = {1910.06277},
  archiveprefix = {arXiv},
  primaryclass  = {cs.CR},
  url           = {https://arxiv.org/abs/1910.06277},
  urldate       = {2025-04-24}
}

@article{wordpiece,
  title        = {Japanese and Korean voice search},
  author       = {Schuster, Mike and Nakajima, Kaisuke},
  booktitle    = {2012 IEEE International Conference on Acoustics, Speech and Signal Processing (ICASSP)},
  pages        = {5149--5152},
  howpublished = {online},
  year         = {2012},
  organization = {IEEE},
  url          = {https://static.googleusercontent.com/media/research.google.com/en//pubs/archive/37842.pdf},
  urldate      = {2025-04-24}
}

@online{urlbert,
  title         = {URLBERT:A Contrastive and Adversarial Pre-trained Model for URL Classification},
  author        = {Yujie Li and Yanbin Wang and Haitao Xu and Zhenhao Guo and Zheng Cao and Lun Zhang},
  howpublished  = {online},
  year          = {2024},
  eprint        = {2402.11495},
  archiveprefix = {arXiv},
  primaryclass  = {cs.CR},
  url           = {https://arxiv.org/abs/2402.11495},
  urldate       = {2025-04-24}
}

@article{charbert,
  title        = {CharBERT: Character-aware Pre-trained Language Model},
  url          = {http://dx.doi.org/10.18653/v1/2020.coling-main.4},
  doi          = {10.18653/v1/2020.coling-main.4},
  howpublished = {online},
  booktitle    = {Proceedings of the 28th International Conference on Computational Linguistics},
  publisher    = {International Committee on Computational Linguistics},
  author       = {Ma, Wentao and Cui, Yiming and Si, Chenglei and Liu, Ting and Wang, Shijin and Hu, Guoping},
  year         = {2020},
  urldate      = {2025-04-24}
}

@article{nvidia_whitepaper,
  title         = {Integer Quantization for Deep Learning Inference: Principles and Empirical Evaluation},
  author        = {Hao Wu and Patrick Judd and Xiaojie Zhang and Mikhail Isaev and Paulius Micikevicius},
  year          = {2020},
  howpublished  = {online},
  eprint        = {2004.09602},
  archiveprefix = {arXiv},
  primaryclass  = {cs.LG},
  url           = {https://arxiv.org/abs/2004.09602},
  urldate       = {2025-04-24}
}

@article{domurlbert,
  title         = {DomURLsBERT: Pre-trained BERT-based Model for Malicious Domains and URLs Detection and Classification},
  author        = {Abdelkader El Mahdaouy and Salima Lamsiyah and Meryem Janati Idrissi and Hamza Alami and Zakaria Yartaoui and Ismail Berrada},
  year          = {2024},
  howpublished  = {online},
  eprint        = {2409.09143},
  archiveprefix = {arXiv},
  primaryclass  = {cs.CR},
  url           = {https://arxiv.org/abs/2409.09143},
  urldate       = {2025-04-24}
}

@online{openai2025features,
  author       = {OpenAI},
  title        = {Generate features for feature based model using ChatGPT O1},
  howpublished = {chatbot},
  year         = {2025},
  date         = {2025-04-06},
  note         = {Question: ``Generate code for the following features (pasted whole related work section)''},
  url          = {https://chat.openai.com/chat},
  urldate      = {2025-04-06}
}

@article{turc2019,
  title        = {Well-Read Students Learn Better: On the Importance of Pre-training Compact Models},
  author       = {Turc, Iulia and Chang, Ming-Wei and Lee, Kenton and Toutanova, Kristina},
  journal      = {arXiv preprint arXiv:1908.08962v2 },
  howpublished = {online},
  year         = {2019},
  urldate      = {2025-02-11}
}

@misc{lin2018focallossdenseobject,
  title         = {Focal Loss for Dense Object Detection},
  author        = {Tsung-Yi Lin and Priya Goyal and Ross Girshick and Kaiming He and Piotr Dollár},
  year          = {2018},
  howpublished  = {online},
  eprint        = {1708.02002},
  archiveprefix = {arXiv},
  primaryclass  = {cs.CV},
  url           = {https://arxiv.org/abs/1708.02002},
  urldate       = {2025-04-06}
}

@online{http,
  series       = {Request for Comments},
  number       = 2616,
  howpublished = {RFC 2616},
  publisher    = {RFC Editor},
  doi          = {10.17487/RFC2616},
  url          = {https://www.rfc-editor.org/info/rfc2616},
  author       = {Henrik Nielsen and Jeffrey Mogul and Larry M Masinter and Roy T. Fielding and Jim Gettys and Paul J. Leach and Tim Berners-Lee},
  title        = {{Hypertext Transfer Protocol -- HTTP/1.1}},
  pagetotal    = 176,
  year         = 1999,
  month        = jun,
  abstract     = {HTTP has been in use by the World-Wide Web global information initiative since 1990. This specification defines the protocol referred to as "HTTP/1.1", and is an update to RFC 2068. {[}STANDARDS-TRACK{]}},
  urldate      = {2025-04-24}
}

@misc{bitly,
  author       = {{Bitly, Inc.}},
  title        = {Bitly URL Shortener},
  year         = {2025},
  howpublished = {online},
  url          = {https://bitly.com},
  urldate      = {2025-04-24}
}

@misc{whois,
  series       = {Request for Comments},
  number       = 3912,
  howpublished = {RFC 3912},
  publisher    = {RFC Editor},
  doi          = {10.17487/RFC3912},
  url          = {https://www.rfc-editor.org/info/rfc3912},
  author       = {Leslie Daigle},
  title        = {{WHOIS Protocol Specification}},
  pagetotal    = 4,
  year         = 2004,
  month        = sep,
  abstract     = {This document updates the specification of the WHOIS protocol, thereby obsoleting RFC 954. The update is intended to remove the material from RFC 954 that does not have to do with the on-the-wire protocol, and is no longer applicable in today's Internet. This document does not attempt to change or update the protocol per se, or document other uses of the protocol that have come into existence since the publication of RFC 954. {[}STANDARDS-TRACK{]}},
  urldate      = {2025-04-24}
}

@misc{els-rd_transformer-deploy_2025,
  author       = {{ELS-RD}},
  title        = {{transformer-deploy}: Efficient, scalable and enterprise-grade CPU/GPU inference server for Hugging Face transformer models},
  year         = {2025},
  publisher    = {GitHub},
  howpublished = {online},
  license      = {Apache 2},
  note         = {Version 0.6.0},
  url          = {https://github.com/ELS-RD/transformer-deploy},
  urldate      = {2025-05-01}
}

@misc{onnxruntime_2018,
  title        = {{ONNX Runtime}},
  author       = {{ONNX Runtime developers}},
  year         = {2018},
  month        = nov,
  day          = {29},
  howpublished = {online},
  url          = {https://onnxruntime.ai},
  version      = {1.2.0},
  repository   = {https://github.com/microsoft/onnxruntime},
  license      = {MIT},
  note         = {Please use this information to cite ONNX Runtime in research or other publications},
  keywords     = {deep learning, machine learning},
  urldate      = {2025-05-01}
}